%% This BibTeX bibliography file was created using BibDesk.
%% http://bibdesk.sourceforge.net/

%% Created for TienHungTseng at 2018-04-19 12:55:15 +0800 


%% Saved with string encoding Unicode (UTF-8) 



@inproceedings{schlunder2017influence,
	Author = {Schl{\"u}nder, Christian and Berthold, J{\"o}rg and Proebster, Fabian and Martin, Andreas and Gustin, Wolfgang and Reisinger, Hans},
	Booktitle = {Reliability Physics Symposium (IRPS), 2017 IEEE International},
	Organization = {IEEE},
	Pages = {2E--4},
	Title = {On the influence of BTI and HCI on parameter variability},
	Year = {2017}}

@inproceedings{han2011statistical,
	Author = {Han, Sangwoo and Choung, Joohee and Kim, Byung-Su and Lee, Bong Hyun and Choi, Hungbok and Kim, Juho},
	Booktitle = {Proceedings of the International Conference on Computer-Aided Design},
	Organization = {IEEE Press},
	Pages = {412--419},
	Title = {Statistical aging analysis with process variation consideration},
	Year = {2011}}

@inproceedings{chen2013novel,
	Author = {Chen, Jifeng and Tehranipoor, Mohammad},
	Booktitle = {Quality Electronic Design (ISQED), 2013 14th International Symposium on},
	Organization = {IEEE},
	Pages = {327--334},
	Title = {A novel flow for reducing clock skew considering nbti effect and process variations},
	Year = {2013}}

@inproceedings{kiamehr2016impact,
	Author = {Kiamehr, Saman and Weckx, Pieter and Tahoori, Mehdi and Kaczer, Ben and Kukner, Halil and Raghavan, Praveen and Groeseneken, Guido and Catthoor, Francky},
	Booktitle = {Reliability Physics Symposium (IRPS), 2016 IEEE International},
	Organization = {IEEE},
	Pages = {CR--1},
	Title = {The impact of process variation and stochastic aging in nanoscale VLSI},
	Year = {2016}}

@inproceedings{wang2007efficient,
	Author = {Wang, Wenping and Wei, Zile and Yang, Shengqi and Cao, Yu},
	Booktitle = {Computer-Aided Design, 2007. ICCAD 2007. IEEE/ACM International Conference on},
	Organization = {IEEE},
	Pages = {735--740},
	Title = {An efficient method to identify critical gates under circuit aging},
	Year = {2007}}

@inproceedings{wei2013undetectable,
	Author = {Wei, Sheng and Potkonjak, Miodrag},
	Booktitle = {Proceedings of the 50th Annual Design Automation Conference},
	Organization = {ACM},
	Pages = {144},
	Title = {The undetectable and unprovable hardware trojan horse},
	Year = {2013}}

@incollection{burman2012effect,
	Author = {Burman, Sanjay and Palchaudhuri, Ayan and Chakraborty, Rajat Subhra and Mukhopadhyay, Debdeep and Singh, Pranav},
	Booktitle = {Progress in VLSI Design and Test},
	Pages = {190--197},
	Publisher = {Springer},
	Title = {Effect of malicious hardware logic on circuit reliability},
	Year = {2012}}

@article{karimi2015magic,
	Author = {Karimi, Naghmeh and Kanuparthi, Arun Karthik and Wang, Xueyang and Sinanoglu, Ozgur and Karri, Ramesh},
	Journal = {ACM Transactions on Architecture and Code Optimization (TACO)},
	Number = {1},
	Pages = {5},
	Publisher = {ACM},
	Title = {MAGIC: Malicious aging in circuits/cores},
	Volume = {12},
	Year = {2015}}

@inproceedings{yang2016a2,
  title={A2: Analog malicious hardware},
  author={Yang, Kaiyuan and Hicks, Matthew and Dong, Qing and Austin, Todd and Sylvester, Dennis},
  booktitle={Security and Privacy (SP), 2016 IEEE Symposium on},
  pages={18--37},
  year={2016},
  organization={IEEE}
}

@article{sreedhar2012reliability,
	Author = {Sreedhar, Aswin and Kundu, Sandip and Koren, Israel},
	Journal = {Journal of Low Power Electronics},
	Number = {5},
	Pages = {674--683},
	Publisher = {American Scientific Publishers},
	Title = {On reliability Trojan injection and detection},
	Volume = {8},
	Year = {2012}}

@inproceedings{shiyanovskii2010process,
	Author = {Shiyanovskii, Yuriy and Wolff, F and Rajendran, Aravind and Papachristou, C and Weyer, D and Clay, W},
	Booktitle = {Adaptive Hardware and Systems (AHS), 2010 NASA/ESA Conference on},
	Organization = {IEEE},
	Pages = {215--222},
	Title = {Process reliability based trojans through NBTI and HCI effects},
	Year = {2010}}

@article{wang2010impact,
	Author = {Wang, Wenping and Yang, Shengqi and Bhardwaj, Sarvesh and Vrudhula, Sarma and Liu, Frank and Cao, Yu},
	Journal = {IEEE Transactions on Very Large Scale Integration (VLSI) Systems},
	Number = {2},
	Pages = {173--183},
	Publisher = {IEEE},
	Title = {The impact of NBTI effect on combinational circuit: modeling, simulation, and analysis},
	Volume = {18},
	Year = {2010}}

@article{bhunia2014hardware,
	Author = {Bhunia, Swarup and Hsiao, Michael S and Banga, Mainak and Narasimhan, Seetharam},
	Journal = {Proceedings of the IEEE},
	Number = {8},
	Pages = {1229--1247},
	Publisher = {IEEE},
	Title = {Hardware Trojan attacks: threat analysis and countermeasures},
	Volume = {102},
	Year = {2014}}

@article{tehranipoor2010survey,
	Author = {Tehranipoor, Mohammad and Koushanfar, Farinaz},
	Journal = {IEEE design \& test of computers},
	Number = {1},
	Publisher = {IEEE},
	Title = {A survey of hardware trojan taxonomy and detection},
	Volume = {27},
	Year = {2010}}

@article{mitra2015stopping,
	Author = {Mitra, Subhasish and Wong, H-S Philip and Wong, Simon},
	Journal = {IEEE Spectrum},
	Title = {Stopping hardware Trojans in their tracks},
	Year = {2015}}

@article{adee2008hunt,
	Author = {Adee, Sally},
	Date-Modified = {2018-04-19 04:54:52 +0000},
	Journal = {IEEE Spectrum},
	Number = {5},
	Pages = {34--39},
	Publisher = {IEEE},
	Title = {The hunt for the kill switch},
	Volume = {45},
	Year = {2008}}

@article{gomez2016early,
	Author = {Gomez, Andres F and Champac, Victor},
	Journal = {IEEE Transactions on Very Large Scale Integration (VLSI) Systems},
	Number = {7},
	Pages = {2438--2448},
	Publisher = {IEEE},
	Title = {Early selection of critical paths for reliable nbti aging-delay monitoring},
	Volume = {24},
	Year = {2016}}

@article{wilson2013international,
	Author = {Wilson, Linda},
	Journal = {Semiconductor Industry Association},
	Title = {International technology roadmap for semiconductors (ITRS)},
	Year = {2013}}

@article{tehranipoor2011trustworthy,
	Author = {Tehranipoor, Mohammad and Salmani, Hassan and Zhang, Xuehui and Wang, Michel and Karri, Ramesh and Rajendran, Jeyavijayan and Rosenfeld, Kurt},
	Journal = {Computer},
	Number = {7},
	Pages = {66--74},
	Publisher = {IEEE},
	Title = {Trustworthy hardware: Trojan detection and design-for-trust challenges},
	Volume = {44},
	Year = {2011}}

@article{karri2010trustworthy,
	Author = {Karri, Ramesh and Rajendran, Jeyavijayan and Rosenfeld, Kurt and Tehranipoor, Mohammad},
	Journal = {Computer},
	Number = {10},
	Pages = {39--46},
	Publisher = {IEEE},
	Title = {Trustworthy hardware: Identifying and classifying hardware trojans},
	Volume = {43},
	Year = {2010}}
@article{natarajan1978optimum,
  title={Optimum domination in weighted trees},
  author={Natarajan, KS and White, Lee J},
  journal={Information processing letters},
  volume={7},
  number={6},
  pages={261--265},
  year={1978},
  publisher={Elsevier}
}

@book{ore1962theory,
  title={Theory of graphs},
  author={Ore, Oystein},
  volume={38},
  year={1962},
  publisher={American Mathematical Society}
}
